%CSRR bibliography
@article{Baena2005,
	author={Baena, J.D. and Bonache, J. and Martin, F. and Sillero, R.M. and Falcone, F. and Lopetegi, T. and Laso, M.A.G. and Garcia-Garcia, J. and Gil, I. and Portillo, M.F. and Sorolla, M.},
	journal={IEEE Transactions on Microwave Theory and Techniques}, 
	title={Equivalent-circuit models for split-ring resonators and complementary split-ring resonators coupled to planar transmission lines}, 
	year={2005},
	volume={53},
	number={4},
	pages={1451-1461},
	keywords={Planar transmission lines;Electromagnetic coupling;Metamaterials;Passband;Coupled mode analysis;Electromagnetic analysis;Analytical models;Electromagnetic modeling;Transmission lines;Microwave devices;Duality;metamaterials;microwave filters;split-ring resonators (SRRs)},
	doi={10.1109/TMTT.2005.845211}
}

@ARTICLE{falcone2004,
	author={Falcone, F. and Lopetegi, T. and Baena, J.D. and Marques, R. and Martin, F. and Sorolla, M.},
	journal={IEEE Microwave and Wireless Components Letters}, 
	title={Effective negative-/spl epsiv/ stopband microstrip lines based on complementary split ring resonators}, 
	year={2004},
	volume={14},
	number={6},
	pages={280-282},
	keywords={Microstrip resonators;Optical ring resonators;Periodic structures;Metamaterials;Band pass filters;Frequency;Microwave filters;Microwave devices;Power harmonic filters;Circuits},
	doi={10.1109/LMWC.2004.828029},
}

@ARTICLE{GGarcia2005,
	author={Garcia-Garcia, J. and Martin, F. and Falcone, F. and Bonache, J. and Baena, J.D. and Gil, I. and Amat, E. and Lopetegi, T. and Laso, M.A.G. and Iturmendi, J.A.M. and Sorolla, M. and Marques, R.},
	journal={IEEE Transactions on Microwave Theory and Techniques}, 
	title={Microwave filters with improved stopband based on sub-wavelength resonators}, 
	year={2005},
	volume={53},
	number={6},
	pages={1997-2006},
	keywords={Microwave filters;Resonator filters;Band pass filters;Bandwidth;Resonance;Active filters;Passband;Microstrip filters;Power harmonic filters;Design methodology;Complementarity;coplanar-waveguide (CPW) technology;metamaterials;microstrip;microwave filters;split-ring resonators (SRRs)},
	doi={10.1109/TMTT.2005.848828}
}

@ARTICLE{Bonache2006,
	author={Bonache, J. and Gil, I. and Garcia-Garcia, J. and Martin, F.},
	journal={IEEE Transactions on Microwave Theory and Techniques}, 
	title={Novel microstrip bandpass filters based on complementary split-ring resonators}, 
	year={2006},
	volume={54},
	number={1},
	pages={265-271},
	keywords={Microstrip filters;Microstrip resonators;Band pass filters;Bandwidth;Prototypes;Resonator filters;Frequency;Chebyshev approximation;Design methodology;Periodic structures;Complementary split-ring resonators (CSRRs);metamaterials;microstrip technology;microwave filters},
	doi={10.1109/TMTT.2005.861664}
}

@ARTICLE{Gil2007,
	author={Gil, Marta and Bonache, Jordi and Selga, Jordi and Garcia-Garcia, Joan and Martin, Ferran},
	journal={IEEE Microwave and Wireless Components Letters}, 
	title={Broadband Resonant-Type Metamaterial Transmission Lines}, 
	year={2007},
	volume={17},
	number={2},
	pages={97-99},
	keywords={Resonance;Metamaterials;Transmission lines;Frequency;Distributed parameter circuits;Optical ring resonators;Equivalent circuits;Impedance;Forward contracts;Permeability;Complementary split rings resonators (CSRRs);metamaterials;transmission lines},
	doi={10.1109/LMWC.2006.890327}
}

@ARTICLE{Mandal2006,
	author={Mandal, M.K. and Mondal, P. and Sanyal, S. and Chakrabarty, A.},
	journal={IEEE Microwave and Wireless Components Letters}, 
	title={Low Insertion-Loss, Sharp-Rejection and Compact Microstrip Low-Pass Filters}, 
	year={2006},
	volume={16},
	number={11},
	pages={600-602},
	keywords={Microstrip filters;Low pass filters;Resonator filters;Optical ring resonators;Magnetic resonance;Microstrip resonators;Microwave filters;Resonant frequency;Insertion loss;Impedance;Complementary split ring resonators (CSRR);low pass filter (LPF);microstrip;stub},
	doi={10.1109/LMWC.2006.884777}
}

@ARTICLE{Velez2008,
	author={Velez, Adolfo and Bonache, Jordi and Martin, Ferran},
	journal={IEEE Microwave and Wireless Components Letters}, 
	title={Varactor-Loaded Complementary Split Ring Resonators (VLCSRR) and Their Application to Tunable Metamaterial Transmission Lines}, 
	year={2008},
	volume={18},
	number={1},
	pages={28-30},
	keywords={Optical ring resonators;Metamaterials;Transmission lines;Tunable circuits and devices;Varactors;Diodes;Electric variables;Microstrip components;Permittivity;Circuit topology;Complementary split ring resonators (CSRRs);diode varactors;metamaterials (MMs);transmission lines (TLs)},
	doi={10.1109/LMWC.2007.911983}
}

@ARTICLE{Zhang2009,
	author={Zhang, Hui and Li, You-Quan and Chen, Xi and Fu, Yun-Qi and Yuan, Nai-Chang},
	journal={IEEE Transactions on Antennas and Propagation}, 
	title={Design of Circular/Dual-Frequency Linear Polarization Antennas Based on the Anisotropic Complementary Split Ring Resonator}, 
	year={2009},
	volume={57},
	number={10},
	pages={3352-3355},
	keywords={Polarization;Anisotropic magnetoresistance;Optical ring resonators;Microstrip antennas;Antennas and propagation;Etching;Directive antennas;Resonant frequency;Microstrip resonators;Permittivity;Anisotropy;circular polarization;complementary split ring resonator;dual-frequency linear polarization},
	doi={10.1109/TAP.2009.2029400}
}

@ARTICLE{Stevanovic2006,
	author={Stevanovic, I. and Crespo-Valero, P. and Blagovic, K. and Bongard, F. and Mosig, J.R.},
	journal={IEEE Transactions on Microwave Theory and Techniques}, 
	title={Integral-Equation Analysis of 3-D Metallic Objects Arranged in 2-D Lattices Using the Ewald Transformation}, 
	year={2006},
	volume={54},
	number={10},
	pages={3688-3697},
	keywords={Lattices;Periodic structures;Acceleration;Electromagnetic scattering;Acoustic scattering;Frequency;Metamaterials;Iron;Bismuth;Two dimensional displays;Frequency-selective surfaces (FSSs);Green's functions (GFs);integral equations (IEs);metamaterials;periodic structures;photonic-bandgap (PBG) materials},
	doi={10.1109/TMTT.2006.882876}
}

@ARTICLE{Grzegorczyk2005,
	author={Grzegorczyk, T.M. and Moss, C.D. and Jie Lu and Xudong Chen and Pacheco, J. and Jin Au Kong},
	journal={IEEE Transactions on Microwave Theory and Techniques}, 
	title={Properties of left-handed metamaterials: transmission, backward phase, negative refraction, and focusing}, 
	year={2005},
	volume={53},
	number={9},
	pages={2956-2967},
	keywords={Metamaterials;Slabs;Moment methods;Magnetic materials;Microwave frequencies;Couplings;Finite difference methods;Time domain analysis;Phase measurement;Geometry;Focusing;left-handed (LH) metamaterial;method of moments (MoM);negative index of refraction;phase measurements;prism measurements},
	doi={10.1109/TMTT.2005.854261}
}

@ARTICLE{Boybay2012,
	author={Boybay, Muhammed Said and Ramahi, Omar M.},
	journal={IEEE Transactions on Instrumentation and Measurement}, 
	title={Material Characterization Using Complementary Split-Ring Resonators}, 
	year={2012},
	volume={61},
	number={11},
	pages={3039-3046},
	keywords={Permittivity;Materials;Microstrip;Capacitance;Material properties;Materials testing;Complementary split-ring resonators (CSRRs);material characterization;near-field sensors},
	doi={10.1109/TIM.2012.2203450}
}

@ARTICLE{Song2013,
	author={Song, Kyungjun and Mazumder, Pinaki},
	journal={IEEE Sensors Journal}, 
	title={Design of Highly Selective Metamaterials for Sensing Platforms}, 
	year={2013},
	volume={13},
	number={9},
	pages={3377-3385},
	keywords={Biosensors;frequency selective surfaces;label-free sensing;metamaterial;plasmonics;selectivity;sensitivity},
	doi={10.1109/JSEN.2013.2260143}
}

@ARTICLE{Lee2014,
	author={Lee, Chieh-Sen and Yang, Chin-Lung},
	journal={IEEE Sensors Journal}, 
	title={Thickness and Permittivity Measurement in Multi-Layered Dielectric Structures Using Complementary Split-Ring Resonators}, 
	year={2014},
	volume={14},
	number={3},
	pages={695-700},
	keywords={Sensors;Permittivity;Resonant frequency;Dielectrics;Permittivity measurement;Thickness measurement;Complementary split-ring resonators (CSRR);permittivity measurement;thickness measurement;sensor;dielectric structure},
	doi={10.1109/JSEN.2013.2285918}
}

@ARTICLE{Ebrahimi2014,
	author={Ebrahimi, Amir and Withayachumnankul, Withawat and Al-Sarawi, Said and Abbott, Derek},
	journal={IEEE Sensors Journal}, 
	title={High-Sensitivity Metamaterial-Inspired Sensor for Microfluidic Dielectric Characterization}, 
	year={2014},
	volume={14},
	number={5},
	pages={1345-1351},
	keywords={Sensors;Resonant frequency;Permittivity;Liquids;Microstrip;Attenuation;Permittivity measurement;Complementary split-ring resonator (CSRR);dielectric characterization;metamaterial;microfluidic sensor},
	doi={10.1109/JSEN.2013.2295312}
}

@ARTICLE{Lee2014_2,
	author={Lee, Chieh-Sen and Yang, Chin-Lung},
	journal={IEEE Microwave and Wireless Components Letters}, 
	title={Complementary Split-Ring Resonators for Measuring Dielectric Constants and Loss Tangents}, 
	year={2014},
	volume={24},
	number={8},
	pages={563-565},
	keywords={Resonant frequency;Permittivity measurement;Materials;Permittivity;Loss measurement;Frequency measurement;Complementary split-ring resonators (CSRR);complex permittivity;noninvasive measurement},
	doi={10.1109/LMWC.2014.2318900}
}

@ARTICLE{Ansari2015,
	author={Ansari, Mohammad Arif Hussain and Jha, Abhishek Kumar and Akhtar, Mohammad Jaleel},
	journal={IEEE Sensors Journal}, 
	title={Design and Application of the CSRR-Based Planar Sensor for Noninvasive Measurement of Complex Permittivity}, 
	year={2015},
	volume={15},
	number={12},
	pages={7181-7189},
	keywords={Sensors;Resonant frequency;Permittivity;Q-factor;Permittivity measurement;Dielectric constant;Magnetic fields;Complementary split ring resonator (CSRR);complex permittivity;non-Invasive measurement;planar sensor;resonant frequency;Complementary split ring resonator (CSRR);complex permittivity;non-invasive measurement;planar sensor;resonant frequency},
	doi={10.1109/JSEN.2015.2469683}
}

@ARTICLE{Su2019,
	author={Su, Lijuan and Mata-Contreras, Javier and Vélez, Paris and Martín, Ferran},
	journal={IEEE Transactions on Microwave Theory and Techniques}, 
	title={Splitter/Combiner Microstrip Sections Loaded With Pairs of Complementary Split Ring Resonators (CSRRs): Modeling and Optimization for Differential Sensing Applications}, 
	year={2016},
	volume={64},
	number={12},
	pages={4362-4370},
	keywords={Sensors;Filtering theory;Resonant frequency;Microstrip;Couplings;Transmission line matrix methods;Power transmission lines;Circuit modeling;complementary split ring resonators (CSRRs);microstrip technology;microwave sensors},
	doi={10.1109/TMTT.2016.2623311}
}

@ARTICLE{Standaert2017,
	author={Standaert, Alexander and Rousstia, Mohadig and Sinaga, Saoer and Reynaert, Patrick},
	journal={IEEE Microwave and Wireless Components Letters}, 
	title={Permittivity Measurements in Millimeter Range of PTFE Foams}, 
	year={2017},
	volume={27},
	number={8},
	pages={766-768},
	keywords={Permittivity;Permittivity measurement;Resonant frequency;Frequency measurement;Substrates;Air gaps;Wireless communication;Complementary split-ring resonator (CSRR);permittivity measurements;porosity;PTFE foam},
	doi={10.1109/LMWC.2017.2724010}
}
